<?xml version="1.0" encoding="UTF-8"?><collection xmlns="http://www.loc.gov/MARC21/slim"><record><leader>00736nam--2200217-u-4500</leader><controlfield tag="001">000053090</controlfield><controlfield tag="002">20161230</controlfield><controlfield tag="005">20161230201050</controlfield><controlfield tag="008">110105s1000------------r-----000-0-eng-d</controlfield><datafield ind1=" " ind2=" " tag="020"><subfield code="a">9607425294</subfield></datafield><datafield ind1=" " ind2=" " tag="040"><subfield code="a">IFIN-HH</subfield></datafield><datafield ind1=" " ind2=" " tag="080"><subfield code="a">539.1(063)</subfield></datafield><datafield ind1="1" ind2=" " tag="100"><subfield code="a">Brink, D.M</subfield></datafield><datafield ind1="1" ind2="0" tag="245"><subfield code="a">Advances in nuclear physics and related areas</subfield><subfield code="b">Proceedings of the european conference on advances in nuclear physics and related areas, thessaloniki - grece 8 - 12 july 1997</subfield><subfield code="c">D.M. BRINK; M.E. GRYPEOS; S.E. MASSEN (Eds.)</subfield></datafield><datafield ind1=" " ind2=" " tag="260"><subfield code="a">Thessaloniki</subfield><subfield code="b">Giapouli Publishing</subfield><subfield code="c">1999</subfield></datafield><datafield ind1=" " ind2=" " tag="300"><subfield code="a">1016P</subfield></datafield><datafield ind1=" " ind2=" " tag="490"><subfield code="a">Proceedings</subfield></datafield><datafield ind1=" " ind2=" " tag="504"><subfield code="a">Donatie Dr. Dorin Poenaru</subfield></datafield><datafield ind1="1" ind2=" " tag="700"><subfield code="a">Massen , S.E</subfield><subfield code="e">Ed</subfield></datafield><datafield ind1=" " ind2=" " tag="852"><subfield code="a">81271</subfield><subfield code="c">539</subfield></datafield><datafield ind1=" " ind2=" " tag="CAT"><subfield code="a">Sys</subfield><subfield code="c">20110105</subfield><subfield code="h">132022</subfield></datafield></record></collection>